<record><leader>00000cas a2200000 a 4500</leader><controlfield tag="001">19549114</controlfield><controlfield tag="007">hd bfu---baaa</controlfield><controlfield tag="008">890414d18851894mauwr n a     0    0eng c</controlfield><datafield ind1=" " ind2=" " tag="010"><subfield code="a">sn 89025850 </subfield></datafield><datafield ind1=" " ind2=" " tag="040"><subfield code="a">HLS</subfield><subfield code="b">eng</subfield><subfield code="c">HLS</subfield><subfield code="d">HUL</subfield><subfield code="d">CRL</subfield><subfield code="d">OCLCQ</subfield></datafield><datafield ind1=" " ind2=" " tag="012"><subfield code="i">8904</subfield></datafield><datafield ind1=" " ind2=" " tag="042"><subfield code="a">pcc</subfield></datafield><datafield ind1=" " ind2=" " tag="043"><subfield code="a">a-ii---</subfield></datafield><datafield ind1="0" ind2=" " tag="130"><subfield code="a">Statesman and friend of India (Calcutta, India : Weekly)</subfield></datafield><datafield ind1="1" ind2="4" tag="245"><subfield code="a">The statesman and friend of India.</subfield></datafield><datafield ind1=" " ind2=" " tag="260"><subfield code="a">Calcutta :</subfield><subfield code="b">[publisher not identified]</subfield></datafield><datafield ind1=" " ind2=" " tag="300"><subfield code="a">volumes</subfield></datafield><datafield ind1=" " ind2=" " tag="310"><subfield code="a">Weekly</subfield></datafield><datafield ind1=" " ind2=" " tag="336"><subfield code="a">text</subfield><subfield code="b">txt</subfield><subfield code="2">rdacontent</subfield></datafield><datafield ind1=" " ind2=" " tag="337"><subfield code="a">microform</subfield><subfield code="b">h</subfield><subfield code="2">rdamedia</subfield></datafield><datafield ind1=" " ind2=" " tag="338"><subfield code="a">microfilm reel</subfield><subfield code="b">hd</subfield><subfield code="2">rdacarrier</subfield></datafield><datafield ind1="1" ind2=" " tag="362"><subfield code="a">Began with Aug. 7, 1885 issue; ceased with June 30, 1894 issue.</subfield></datafield><datafield ind1=" " ind2=" " tag="580"><subfield code="a">Weekly ed. of: Statesman and friend of India (Calcutta, India : Daily).</subfield></datafield><datafield ind1=" " ind2=" " tag="588"><subfield code="a">Description based on: Vol. 6, no. 1 (Jan. 4, 1890); title from caption.</subfield></datafield><datafield ind1=" " ind2=" " tag="533"><subfield code="a">Microfilm.</subfield><subfield code="b">Cambridge, Mass. :</subfield><subfield code="c">Harvard University Library Microreproduction Service,</subfield><subfield code="d">[1988]-</subfield><subfield code="e">microfilm reels : negative ; 35 mm.</subfield></datafield><datafield ind1=" " ind2=" " tag="752"><subfield code="a">India</subfield><subfield code="d">Calcutta.</subfield></datafield><datafield ind1="1" ind2=" " tag="775"><subfield code="t">Statesman and friend of India (Calcutta, India : Daily)</subfield></datafield><datafield ind1="0" ind2="0" tag="780"><subfield code="t">Indian statesman (Calcutta, India : Weekly)</subfield></datafield><datafield ind1="0" ind2="0" tag="785"><subfield code="t">Friend of India &amp; statesman (Calcutta, India : 1894)</subfield></datafield><datafield ind1=" " ind2=" " tag="850"><subfield code="a">MH</subfield></datafield><datafield ind1="1" ind2=" " tag="029"><subfield code="a">AU@</subfield><subfield code="b">000025869999</subfield></datafield></record>